@misc{mathworldpolygonarea,
   author = "Eric W. Weisstein",
   title = "Polygon Area",
   howpublished = "From MathWorld--A Wolfram Web Resource.  \url{http://mathworld.wolfram.com/PolygonArea.html}"
}
